<?xml version="1.0" encoding="UTF-8"?><collection xmlns="http://www.loc.gov/MARC21/slim"><record><leader>00402nam--2200121-i-4500</leader><controlfield tag="001">000019029</controlfield><controlfield tag="002">20161230</controlfield><controlfield tag="005">20161230201033</controlfield><controlfield tag="008">060222s1000------------r-----000-0-eng-d</controlfield><datafield ind1=" " ind2=" " tag="100"><subfield code="a">Duce,F.A., Cartan,F.O.,Keller, J.H</subfield></datafield><datafield ind1=" " ind2=" " tag="245"><subfield code="a">Relation of iionide on selected particulate filters and a porous silver membrane being considered for the loft maypack</subfield></datafield><datafield ind1=" " ind2=" " tag="260"><subfield code="a">Idaho, U.S.A.E.C., 1967. 8 P</subfield></datafield><datafield ind1=" " ind2=" " tag="852"><subfield code="a">27727</subfield></datafield></record></collection>